<?xml version="1.0" encoding="UTF-8"?><record xmlns="http://www.loc.gov/MARC21/slim" xmlns:cinclude="http://apache.org/cocoon/include/1.0" xmlns:zs="http://www.loc.gov/zing/srw/">
  <leader>00365nz  a2200121n  4500</leader>
  <controlfield tag="001">n  85045705 </controlfield>
  <controlfield tag="003">DLC</controlfield>
  <controlfield tag="005">19850726154838.8</controlfield>
  <controlfield tag="008">850614n| acannaab|          |n aaa |||  </controlfield>
  <datafield tag="010" ind1=" " ind2=" ">
    <subfield code="a">n  85045705 </subfield>
  </datafield>
  <datafield tag="040" ind1=" " ind2=" ">
    <subfield code="a">DLC</subfield>
    <subfield code="c">DLC</subfield>
    <subfield code="d">DLC</subfield>
  </datafield>
  <datafield tag="100" ind1="1" ind2="0">
    <subfield code="a">Klein, Katherine J.</subfield>
  </datafield>
  <datafield tag="670" ind1=" " ind2=" ">
    <subfield code="a">Rosen, C. Employee ownership in America, 1985:</subfield>
    <subfield code="b">CIP t.p. (Katherine J. Klein) galley (University of Md.)</subfield>
  </datafield>
</record>